/Users/hiroki/Documents/study/research/research.bib